@article{nakamoto2008bitcoin,
  title={Bitcoin: A peer-to-peer electronic cash system},
  author={Nakamoto, Satoshi},
  year={2008}
}

@book{antonopoulos2014mastering,
  title={Mastering Bitcoin: Unlocking Digital Cryptocurrencies},
  author={Antonopoulos, Andreas M},
  year={2014},
  publisher={O'Reilly Media}
}

@manual{bitcoincore,
  title={Bitcoin Core Documentation},
  organization={Bitcoin Core},
  year={n.d.},
  url={https://bitcoincore.org/en/documentation/}
}

@manual{weka,
  title={WEKA Documentation},
  organization={University of Waikato},
  year={n.d.},
  url={https://www.cs.waikato.ac.nz/ml/weka/documentation.html}
}